@book{Last_Penrose_2017, 
place={Cambridge}, 
series={Institute of Mathematical Statistics Textbooks}, 
title={Lectures on the Poisson Process}, 
publisher={Cambridge University Press}, 
author={Last, GÃ¼nter and Penrose, Mathew}, 
year={2017}, 
collection={Institute of Mathematical Statistics Textbooks}}

@book{Penrose_et_al_2016, 
place={Cambridge}, 
series={London Mathematical Society Student Texts}, 
title={Random Graphs, Geometry and Asymptotic Structure}, 
publisher={Cambridge University Press}, 
author={Krivelevich, Michael and Panagiotou, Konstantinos and Penrose, Mathew and McDiarmid, Colin}, 
editor={Fountoulakis, Nikolaos and Hefetz, DanEditors}, 
year={2016}, 
collection={London Mathematical Society Student Texts}}

@book{Penrose_2003,
    author = {Penrose, Mathew},
    title = "{Random Geometric Graphs}",
    publisher = {Oxford University Press},
    year = {2003},
    month = {05},
    isbn = {9780198506263},
    doi = {10.1093/acprof:oso/9780198506263.001.0001},
    url = {https://doi.org/10.1093/acprof:oso/9780198506263.001.0001},
}

